% cb2Bib 1.4.9
@misc{ArduinoMegaPhoto,
title        = {{Arduino Board Mega}},
author       = {Arduino},
journal      = {Photograph},
howpublished          = {http://www.arduino.cc/en/Main/ArduinoBoardMega2560}
}

% cb2Bib 1.4.9
@article{ArduinoNanoPhoto,
title        = {{Arduino Board Nano}},
author       = {Arduino},
journal      = {Photograph},
howpublished          = {http://www.arduino.cc/en/Main/ArduinoBoardNano}
}

% cb2Bib 1.4.9
@misc{travis,
title        = {{Travis Goodspeed's Blog: Reversing an RF Clicker}},
author       = {Travis Goodspeed},
year         = {2010},
howpublished          = {http://travisgoodspeed.blogspot.com/2010/07/reversing-rf-clicker.html}
}

% cb2Bib 1.4.9
@misc{taylor,
title        = {{Turning Point Clicker Emulation with Arduino and nRF24L01 }},
author       = {Taylor Killian},
year         = {2012},
howpublished          = {http://www.taylorkillian.com/2012/11/turning-point-clicker-emulation-with.html}
}

% cb2Bib 1.4.9
@misc{wirelessAdapterPhoto,
title        = {{NRF24L01 image source}},
note          = "\url{http://thumbs3.ebaystatic.com/d/l225/m/mgEtltXMLGoCOyD-UeRniOA.jpg}"
}

